<?xml version="1.0" encoding="UTF-8"?><collection xmlns="http://www.loc.gov/MARC21/slim"><record><leader>00453nam--2200169-i-4500</leader><controlfield tag="001">000000016</controlfield><controlfield tag="002">20161230</controlfield><controlfield tag="005">20170117111812</controlfield><controlfield tag="008">060222s1000------------r-----000-0-eng-d</controlfield><datafield ind1=" " ind2=" " tag="040"><subfield code="a">IFIN-HH</subfield></datafield><datafield ind1=" " ind2=" " tag="080"><subfield code="a">539.12.047:614.876</subfield></datafield><datafield ind1="1" ind2=" " tag="100"><subfield code="a">Frigerio, Norman</subfield></datafield><datafield ind1="1" ind2="0" tag="245"><subfield code="a">Your Body and Radiation</subfield><subfield code="c">Norman Frigerio</subfield></datafield><datafield ind1=" " ind2=" " tag="260"><subfield code="a">Washington</subfield><subfield code="b">U.S.Atomic Energy Commission</subfield><subfield code="c">1966</subfield></datafield><datafield ind1=" " ind2=" " tag="300"><subfield code="a">78 P</subfield></datafield><datafield ind1=" " ind2=" " tag="852"><subfield code="a">79637</subfield><subfield code="c">539.12.04</subfield></datafield><datafield ind1=" " ind2=" " tag="CAT"><subfield code="a">SYS</subfield><subfield code="c">20170117</subfield><subfield code="h">111812</subfield></datafield></record></collection>